<record><leader>00000cas a2200000 a 4500</leader><controlfield tag="001">9906303</controlfield><controlfield tag="008">830914d18041822laudr ne      0    0eng  </controlfield><datafield ind1=" " ind2=" " tag="010"><subfield code="a">sn 83016552 </subfield></datafield><datafield ind1=" " ind2=" " tag="040"><subfield code="a">DLC</subfield><subfield code="b">eng</subfield><subfield code="c">DLC</subfield><subfield code="d">NPV</subfield><subfield code="d">NPX</subfield><subfield code="d">DLC</subfield><subfield code="d">LNP</subfield><subfield code="d">OCL</subfield><subfield code="d">MGN</subfield><subfield code="d">LNP</subfield><subfield code="d">OCLCQ</subfield><subfield code="d">DLC</subfield><subfield code="d">CUI</subfield><subfield code="d">OCLCQ</subfield><subfield code="d">OCLCF</subfield></datafield><datafield ind1=" " ind2=" " tag="019"><subfield code="a">14372872</subfield></datafield><datafield ind1="1" ind2=" " tag="029"><subfield code="a">AU@</subfield><subfield code="b">000020286217</subfield></datafield><datafield ind1=" " ind2=" " tag="042"><subfield code="a">pcc</subfield></datafield><datafield ind1=" " ind2=" " tag="043"><subfield code="a">n-us-la</subfield></datafield><datafield ind1="0" ind2="0" tag="050"><subfield code="a">Newspaper 7946-X</subfield></datafield><datafield ind1=" " ind2="4" tag="050"><subfield code="a">AN</subfield></datafield><datafield ind1="0" ind2=" " tag="130"><subfield code="a">Orleans gazette, and commercial advertiser (New Orleans, La. : 1804)</subfield></datafield><datafield ind1="1" ind2="0" tag="245"><subfield code="a">Orleans gazette, and commercial advertiser.</subfield></datafield><datafield ind1="3" ind2=" " tag="246"><subfield code="a">Orleans gazette &amp; commercial advertiser</subfield></datafield><datafield ind1="3" ind2=" " tag="246"><subfield code="a">Orleans gazette</subfield></datafield><datafield ind1=" " ind2=" " tag="260"><subfield code="a">New Orleans, La. :</subfield><subfield code="b">J.M. Bradford</subfield></datafield><datafield ind1=" " ind2=" " tag="300"><subfield code="a">v. ;</subfield><subfield code="c">69 cm.</subfield></datafield><datafield ind1=" " ind2=" " tag="310"><subfield code="a">Daily,</subfield><subfield code="b">&lt;Jan. 8, 1817&gt;-</subfield></datafield><datafield ind1=" " ind2=" " tag="321"><subfield code="a">Frequency varies,</subfield><subfield code="b">1804-&lt;Jan. 5, 1816&gt;</subfield></datafield><datafield ind1="1" ind2=" " tag="362"><subfield code="a">Began Dec. 20, 1804; ceased in 1822?</subfield></datafield><datafield ind1=" " ind2=" " tag="500"><subfield code="a">Title varies slightly: Orleans gazette &amp; commercial advertiser.</subfield></datafield><datafield ind1=" " ind2=" " tag="530"><subfield code="a">Also issued from the Library of Congress, Photoduplication Service.</subfield></datafield><datafield ind1=" " ind2=" " tag="588"><subfield code="a">Description based on: Vol. 3, no. 36 (June 11, 1805).</subfield></datafield><datafield ind1=" " ind2="0" tag="651"><subfield code="a">New Orleans (La.)</subfield><subfield code="v">Newspapers.</subfield></datafield><datafield ind1=" " ind2="7" tag="655"><subfield code="a">Newspapers.</subfield><subfield code="2">fast</subfield><subfield code="0">(OCoLC)fst01423814</subfield></datafield><datafield ind1=" " ind2="7" tag="651"><subfield code="a">Louisiana</subfield><subfield code="z">New Orleans.</subfield><subfield code="2">fast</subfield><subfield code="0">(OCoLC)fst01204311</subfield></datafield><datafield ind1=" " ind2=" " tag="752"><subfield code="a">United States</subfield><subfield code="b">Louisiana</subfield><subfield code="c">Orleans</subfield><subfield code="d">New Orleans.</subfield></datafield><datafield ind1="0" ind2=" " tag="775"><subfield code="t">Orleans gazette, for the country</subfield><subfield code="w">(DLC)sn 83016553</subfield><subfield code="w">(OCoLC)9906395</subfield></datafield><datafield ind1="0" ind2=" " tag="775"><subfield code="t">Orleans gazette and commercial advertiser (New Orleans, La. : 1817 : Triweekly)</subfield><subfield code="w">(DLC)sn 83016719</subfield><subfield code="w">(OCoLC)10025076</subfield></datafield><datafield ind1="0" ind2="8" tag="776"><subfield code="i">Online version:</subfield><subfield code="t">Orleans gazette, and commercial advertiser (New Orleans, La, : 1804 : Online)</subfield><subfield code="w">(OCoLC)192107471</subfield></datafield><datafield ind1="0" ind2="0" tag="780"><subfield code="t">Union, or, New-Orleans advertiser and price current</subfield><subfield code="w">(DLC)sn 86053761</subfield><subfield code="w">(OCoLC)14372765</subfield></datafield></record>